@String{ICASSP = "Proceedings of the IEEE International Conference on
                  Acoustics, Speech and Signal Processing"}
@String{IEEESAP  = "IEEE Transactions on Speech and Audio Processing"}
@String{IEEEASSP = "IEEE Transactions on Acoustics, Speech and
                    Signal Processing"}
@String{IEEEASLP = "IEEE Transactions on Audio, Speech and
                    Language Processing"}
@String{IEEESPL = "IEEE Signal Processing Letters"}
@String{IEEESTSP = "IEEE Journal of Selected Topics in Signal Processing"}
@String{EUROSPEECH = "Proceedings of EUROSPEECH"}
@String{INTERSPEECH = "Proceedings of Interspeech"}
@String{ICSLP = "Proceedings of the International Conference on Spoken
                 Language Processing"}
@String{ASRU = "Proceedings of the IEEE workshop on Automatic Speech
                Recognition and Understanding"}
@String{SPECOM = "Speech Communication"}
@String{SSW7 = "Proceedings of the 7th {ISCA} Speech Synthesis Workshop"}
@String{SLT = "Proceedings of the IEEE Workshop on Spoken Language Technology"}
@String{SIGPROC = "Signal Processing"}
@String{SP7 = "Proceedings of the 7th Speech Prosody Conference"}
@String{NCLF = "Nouveaux cahiers de linguistique fran\c{c}aise"}
@String{SWIP3 = "3rd Swiss Workshop on Prosody, Geneva, September 2014"}


@inproceedings{Lin04ROUGE,
    author = {Lin, Chin-Yew},
    url = {http://www.aclweb.org/anthology/W04-1013},
    title = {ROUGE: A Package for Automatic Evaluation of Summaries},
    booktitle = {Text Summarization Branches Out: Proceedings of the ACL-04 Workshop},
    editor = {Marie-Francine Moens, Stan Szpakowicz},
    year = {2004},
    month = {July},
    address = {Barcelona, Spain},
    publisher = {Association for Computational Linguistics},
    pages = {74--81}
    }
        

@article{Nenkova07Pyramid,
     author = {Nenkova, Ani and Passonneau, Rebecca and McKeown, Kathleen},
     title = {The Pyramid Method: Incorporating Human Content Selection Variation in Summarization Evaluation},
     journal = {ACM Trans. Speech Lang. Process.},
     issue_date = {May 2007},
     volume = {4},
     number = {2},
     month = may,
     year = {2007},
     issn = {1550-4875},
     articleno = {4},
     url = {http://doi.acm.org/10.1145/1233912.1233913},
     doi = {10.1145/1233912.1233913},
     acmid = {1233913},
     publisher = {ACM},
     address = {New York, NY, USA},
     keywords = {Evaluation, semantic analysis, summarization},
} 

@InProceedings{Nakov13SemEval,
  author    = {Nakov, Preslav  and  Rosenthal, Sara  and  Kozareva, Zornitsa  and  Stoyanov, Veselin  and  Ritter, Alan  and  Wilson, Theresa},
  title     = {SemEval-2013 Task 2: Sentiment Analysis in Twitter},
  booktitle = {Second Joint Conference on Lexical and Computational Semantics (*SEM), Volume 2: ProXceedings of the Seventh International Workshop on Semantic Evaluation (SemEval 2013)},
  month     = {June},
  year      = {2013},
  address   = {Atlanta, Georgia, USA},
  publisher = {Association for Computational Linguistics},
  pages     = {312--320},
  url       = {http://www.aclweb.org/anthology/S13-2052}
}

@InProceedings{Rosenthal14SemEval,
  author    = {Rosenthal, Sara  and  Ritter, Alan  and  Nakov, Preslav  and  Stoyanov, Veselin},
  title     = {SemEval-2014 Task 9: Sentiment Analysis in Twitter},
  booktitle = {Proceedings of the 8th International Workshop on Semantic Evaluation (SemEval 2014)},
  month     = {August},
  year      = {2014},
  address   = {Dublin, Ireland},
  publisher = {Association for Computational Linguistics and Dublin City University},
  pages     = {73--80},
  url       = {http://www.aclweb.org/anthology/S14-2009}
}

@InProceedings{Rosenthal15SemEval,
  author    = {Rosenthal, Sara  and  Nakov, Preslav  and  Kiritchenko, Svetlana  and  Mohammad, Saif  and  Ritter, Alan  and  Stoyanov, Veselin},
  title     = {SemEval-2015 Task 10: Sentiment Analysis in Twitter},
  booktitle = {Proceedings of the 9th International Workshop on Semantic Evaluation (SemEval 2015)},
  month     = {June},
  year      = {2015},
  address   = {Denver, Colorado},
  publisher = {Association for Computational Linguistics},
  pages     = {451--463},
  url       = {http://www.aclweb.org/anthology/S15-2078}
}

@InProceedings{Nakov16SemEval,
  author    = {Nakov, Preslav  and  Ritter, Alan  and  Rosenthal, Sara  and  Sebastiani, Fabrizio  and  Stoyanov, Veselin},
  title     = {SemEval-2016 Task 4: Sentiment Analysis in Twitter},
  booktitle = {Proceedings of the 10th International Workshop on Semantic Evaluation (SemEval-2016)},
  month     = {June},
  year      = {2016},
  address   = {San Diego, California},
  publisher = {Association for Computational Linguistics},
  pages     = {1--18},
  url       = {http://www.aclweb.org/anthology/S16-1001}
}

@InProceedings{ChengLapata16Neural,
  author    = {Cheng, Jianpeng  and  Lapata, Mirella},
  title     = {Neural Summarization by Extracting Sentences and Words},
  booktitle = {Proceedings of the 54th Annual Meeting of the Association for Computational Linguistics (Volume 1: Long Papers)},
  month     = {August},
  year      = {2016},
  address   = {Berlin, Germany},
  publisher = {Association for Computational Linguistics},
  pages     = {484--494},
  url       = {http://www.aclweb.org/anthology/P16-1046}
}

@article{Rupnik16News,
  title={News across languages-cross-lingual document similarity and event tracking},
  author={Rupnik, Jan and Muhic, Andrej and Leban, Gregor and Skraba, Primoz and Fortuna, Blaz and Grobelnik, Marko},
  journal={Journal of Artificial Intelligence Research},
  volume={55},
  pages={283--316},
  year={2016}
}


@inproceedings{Paikens16SUMMA,
  title = {{SUMMA at TAC Knowledge Base Population Task 2016}},
  author = {Peteris Paikens and Guntis Barzdins and Afonso Mendes and Daniel Ferreira and Samuel Broscheit and Mariana S. C. Almeida  and Sebastião Miranda and David Nogueira and Pedro Balage and André F. T. Martins},
  booktitle={TAC},
  year = {2016},
  address = {Gaithersburg, Maryland, USA}
}

@InProceedings{Hoffart11Robust,
  author    = {Hoffart, Johannes  and  Yosef, Mohamed Amir  and  Bordino, Ilaria  and  F\"{u}rstenau, Hagen  and  Pinkal, Manfred  and  Spaniol, Marc  and  Taneva, Bilyana  and  Thater, Stefan  and  Weikum, Gerhard},
  title     = {Robust Disambiguation of Named Entities in Text},
  booktitle = {Proceedings of the 2011 Conference on Empirical Methods in Natural Language Processing},
  month     = {July},
  year      = {2011},
  address   = {Edinburgh, Scotland, UK.},
  publisher = {Association for Computational Linguistics},
  pages     = {782--792},
  url       = {http://www.aclweb.org/anthology/D11-1072}
}

@inproceedings{damonte-17,
   title={An Incremental Parser for Abstract Meaning Representation},
   author={Marco Damonte and Shay B. Cohen and Giorgio Satta},
   booktitle={Proceedings of {EACL}},
   year={2017}
}

@misc{neilson2000,
  author = {Nielson, Jakob},
  title = {{Why You Only Need to Test with 5 Users}},
  howpublished = {\url{https://www.nngroup.com/articles/why-you-only-need-to-test-with-5-users}},
  year = 2000
}